<record><leader>01277cam a2200337 i 45 0</leader><controlfield tag="001">6774379</controlfield><controlfield tag="005">20150102085325.0</controlfield><controlfield tag="008">140703s2015    cau      b    001 0 eng  </controlfield><datafield ind1=" " ind2=" " tag="010"><subfield code="a">  2014024676</subfield></datafield><datafield ind1=" " ind2=" " tag="020"><subfield code="a">9781452274171 (pbk.)</subfield></datafield><datafield ind1=" " ind2=" " tag="040"><subfield code="a">DLC</subfield><subfield code="b">eng</subfield><subfield code="c">DLC</subfield><subfield code="e">rda</subfield><subfield code="d">DLC</subfield><subfield code="d">AOAC</subfield></datafield><datafield ind1=" " ind2=" " tag="042"><subfield code="a">pcc</subfield></datafield><datafield ind1="0" ind2="0" tag="050"><subfield code="a">HG4027.6</subfield><subfield code="b">.G53 2015</subfield></datafield><datafield ind1="0" ind2="0" tag="082"><subfield code="a">658.15/99</subfield><subfield code="2">23</subfield></datafield><datafield ind1=" " ind2=" " tag="090"><subfield code="a">HG 4027.6 G53 2015</subfield><subfield code="b">AOAC</subfield></datafield><datafield ind1="1" ind2=" " tag="100"><subfield code="a">Gibbons, Gary E.</subfield></datafield><datafield ind1="1" ind2="0" tag="245"><subfield code="a">Entrepreneurial finance :</subfield><subfield code="b">a global perspective /</subfield><subfield code="c">Gary Gibbons, Robert D. Hisrich, Thunderbird School of Global Management, Carlos M. DaSilva, School of Business Administration, Fribourg, Switzerland.</subfield></datafield><datafield ind1=" " ind2="1" tag="264"><subfield code="a">Los Angeles, California :</subfield><subfield code="b">Sage,</subfield><subfield code="c">[2015]</subfield></datafield><datafield ind1=" " ind2=" " tag="300"><subfield code="a">xviii, 277 pages ;</subfield><subfield code="c">23 cm</subfield></datafield><datafield ind1=" " ind2=" " tag="336"><subfield code="a">text</subfield><subfield code="b">txt</subfield><subfield code="2">rdacontent</subfield></datafield><datafield ind1=" " ind2=" " tag="337"><subfield code="a">unmediated</subfield><subfield code="b">n</subfield><subfield code="2">rdamedia</subfield></datafield><datafield ind1=" " ind2=" " tag="338"><subfield code="a">volume</subfield><subfield code="b">nc</subfield><subfield code="2">rdacarrier</subfield></datafield><datafield ind1=" " ind2=" " tag="504"><subfield code="a">Includes bibliographical references (pages 257-263) and index.</subfield></datafield><datafield ind1=" " ind2="0" tag="650"><subfield code="a">New business enterprises</subfield><subfield code="x">Finance.</subfield></datafield><datafield ind1=" " ind2="0" tag="650"><subfield code="a">International business enterprises</subfield><subfield code="x">Finance.</subfield></datafield><datafield ind1=" " ind2="0" tag="650"><subfield code="a">Venture capital.</subfield></datafield><datafield ind1=" " ind2="0" tag="650"><subfield code="a">Entrepreneurship.</subfield></datafield><datafield ind1="1" ind2=" " tag="700"><subfield code="a">Hisrich, Robert D.</subfield></datafield><datafield ind1="1" ind2=" " tag="700"><subfield code="a">DaSilva, Carlos M.</subfield></datafield><datafield ind1=" " ind2=" " tag="596"><subfield code="a">33</subfield></datafield><datafield ind1=" " ind2=" " tag="926"><subfield code="a">HG 4027.6 G53 2015</subfield><subfield code="w">LC</subfield><subfield code="c">1</subfield><subfield code="i">0164000768188</subfield><subfield code="l">ON_SHELF</subfield><subfield code="m">OLDS</subfield><subfield code="r">Y</subfield><subfield code="s">Y</subfield><subfield code="t">BOOK</subfield><subfield code="u">1/12/2015</subfield></datafield></record>